<record><leader>00000cas a22000007a 4500</leader><controlfield tag="001">10236931</controlfield><controlfield tag="008">831220d18191827mouwr ne      0    0eng  </controlfield><datafield ind1=" " ind2=" " tag="010"><subfield code="a">sn 83016960 </subfield></datafield><datafield ind1=" " ind2=" " tag="040"><subfield code="a">DLC</subfield><subfield code="b">eng</subfield><subfield code="c">DLC</subfield><subfield code="d">MQN</subfield><subfield code="d">OCL</subfield><subfield code="d">OCLCQ</subfield></datafield><datafield ind1=" " ind2=" " tag="019"><subfield code="a">10237008</subfield></datafield><datafield ind1=" " ind2=" " tag="042"><subfield code="a">msc</subfield></datafield><datafield ind1="0" ind2="0" tag="050"><subfield code="a">Newspaper 8592</subfield></datafield><datafield ind1="0" ind2=" " tag="130"><subfield code="a">Missouri intelligencer (Franklin, Mo.)</subfield></datafield><datafield ind1="1" ind2="0" tag="245"><subfield code="a">Missouri intelligencer.</subfield></datafield><datafield ind1=" " ind2=" " tag="260"><subfield code="a">Franklin, Mo. Territory :</subfield><subfield code="b">Patten &amp; Holliday,</subfield><subfield code="c">-1827.</subfield></datafield><datafield ind1=" " ind2=" " tag="300"><subfield code="a">v. ;</subfield><subfield code="c">51 cm.</subfield></datafield><datafield ind1=" " ind2=" " tag="310"><subfield code="a">Weekly</subfield></datafield><datafield ind1="1" ind2=" " tag="362"><subfield code="a">Began with Nov. 5, 1819 issue.</subfield><subfield code="z">Cf. Brigham, C.S. Amer. newspapers.</subfield></datafield><datafield ind1="0" ind2=" " tag="362"><subfield code="a">-v. 8, no. 48 (May 24, 1827).</subfield></datafield><datafield ind1=" " ind2=" " tag="500"><subfield code="a">Publisher varies.</subfield></datafield><datafield ind1=" " ind2=" " tag="588"><subfield code="a">Description based on: Vol. 1, no. 26 (Nov. 5, 1819).</subfield></datafield><datafield ind1=" " ind2=" " tag="752"><subfield code="a">United States</subfield><subfield code="b">Missouri</subfield><subfield code="c">Howard</subfield><subfield code="d">Franklin.</subfield></datafield><datafield ind1=" " ind2=" " tag="752"><subfield code="a">United States</subfield><subfield code="b">Missouri</subfield><subfield code="c">Howard</subfield><subfield code="d">Fayette.</subfield></datafield><datafield ind1="0" ind2="0" tag="780"><subfield code="t">Missouri intelligencer, and Boon's Lick advertiser (Franklin, Mo.)</subfield><subfield code="w">(DLC)sn 83016959</subfield></datafield><datafield ind1="0" ind2="0" tag="785"><subfield code="t">Missouri intelligencer and Boon's Lick advertiser (Fayette, Mo.)</subfield><subfield code="w">(DLC)sn 83016962</subfield></datafield><datafield ind1="1" ind2=" " tag="029"><subfield code="a">NZ1</subfield><subfield code="b">10237008</subfield></datafield></record>